
@book{Sommerville:2006:SE:1196763,
 author = {Sommerville, Ian},
 title = {Software Engineering: (Update) (8th Edition) (International Computer Science)},
 year = {2006},
 isbn = {0321313798},
 publisher = {Addison-Wesley Longman Publishing Co., Inc.},
 address = {Boston, MA, USA},
} 


@misc{ wiki:incremental_build_model,
   author = "Wikipedia",
   title = "Incremental build model --- Wikipedia{,} The Free Encyclopedia",
   year = "2016",
   url = {https://en.wikipedia.org/w/index.php?title=Incremental_build_model&oldid=703252236},
   note = "[Online; accessed 10-March-2016]"
}


@inproceedings{Atkinson:2012:IID:2304736.2304750,
 author = {Atkinson, Colin and Hummel, Oliver},
 title = {Iterative and Incremental Development of Component-based Software Architectures},
 booktitle = {Proceedings of the 15th ACM SIGSOFT Symposium on Component Based Software Engineering},
 series = {CBSE '12},
 year = {2012},
 isbn = {978-1-4503-1345-2},
 location = {Bertinoro, Italy},
 pages = {77--82},
 numpages = {6},
 url = {http://doi.acm.org/10.1145/2304736.2304750},
 doi = {10.1145/2304736.2304750},
 acmid = {2304750},
 publisher = {ACM},
 address = {New York, NY, USA},
 keywords = {component-based software architectures, iterative and incremental software development},
} 

@article{larman2003iterative,
  title={Iterative and incremental development: A brief history},
  author={Larman, Craig and Basili, Victor R},
  journal={Computer},
  number={6},
  pages={47--56},
  year={2003},
  publisher={IEEE}
}

@misc { istbx:incremental,
	author = "I",
	foo = "http://istqbexamcertification.com/what-is-incremental-model-advantages-disadvantages-and-when-to-use-it/"
}

@article{royce1970software,
  title={The software lifecycle model (Waterfall Model)},
  author={Royce, W},
  journal={Proceedings of the WESTCON, Los Angeles},
  year={1970},
  url = {https://www.cs.umd.edu/class/spring2003/cmsc838p/Process/waterfall.pdf}
}
